@msc{temporalmasking,
    author =       "Lars G. Johansen",
    title =        "{Psychoacoustics and Audibility - Fundamental Aspects of the Human Hearing}",
    year =         "2006",
    DOI =          "http://citeseerx.ist.psu.edu/viewdoc/download?doi=10.1.1.580.3611&rep=rep1&type=pdf"
}


@article{bandwidthbreaks,
    author =       "Eric D. Scheirer",
    title =        "{Tempo and beak analysis of acoustic musical signals}",
    journal =      "Acoustical Society of America",
    volume =       "103",
    number =       "1",
    pages =        "588--601",
    year =         "1998",
    DOI =          "http://dx.doi.org/10.1002/andp.19053221004"
}

@book{frequencylimits,
    author    = "Steven W. Smith",
    title     = "The Scientist and Engineer's Guide to Digital Signal Processing",
    year      = "197",
    publisher = "California Technical Publishing",
}
